@Comment А вот так оформляется библиография при помощи BibTeX.

@Book{Pisarenko1981,
	author =		{Писаренко, Г. С. and Можаровский, Н. С.},
	title = 		{Уравнения и краевые задачи теории пластичности и ползучести},
	address = 		{Киев},
	publisher = 	{Наукова думка},
	year = 		 	{1981},
	pagetotal = 	{496},
	language =     	"russian"
}

@Book{Korobeynikov2000,
	author =		{Коробейников, С. Н.},
	title = 		{Нелинейное деформирование твердых тел},
	address = 		{Новосибирск},
	publisher = 	{Издательство СО РАН},
	year = 		 	{2000},
	pagetotal = 	{262},
	language =     	"russian"
}

@Book{Kravchuk1994,
	author =		{Кравчук, А. С.},
	title = 		{Вариационные и квазивариационные неравенства в механике},
	publisher = 	{РФФИ},
	year = 		 	{1994},
	pagetotal = 	{334},
	language =     	"russian"
}

@Book{SoloveychikRoyakPersova2007,
	author =		{Соловейчик, Ю. Г. and Рояк, М. Э. and Персова, М. Г.},
  	title = 		{Метод конечных элементов для решения скалярных и векторных задач},
  	address = 		{Новосибирск},
  	publisher = 	{Изд-во НГТУ},
  	year = 		 	{2007},
  	pagetotal = 	{895},
  	language =     	"russian"
}

@Book{Frolov1995,
	author =		{Александров, А. В. and Алфутов, Н. А. and Астанин, В. В. и др.},
	editor =		{Фролов К.В. (гл. ред.)},
	title = 		{Энциклопедия "Машиностроение". Том I-3. "Динамика и прочность машин. Теория механизмов и машин". В 2-х книгах. Кн. 2},
	address = 		{М.},
	publisher = 	{Машиностроение},
	year = 		 	{1995},
	pagetotal = 	{624},
	language =     	"russian"
}

Колесников Динамика и прочность машин. Теория механизмов и
машин

@Book{Zienkiewicz1975,
	author =		{Зенкевич, О.},
	title = 		{Метод конечных элементов в технике},
  	address = 		{М.},
	publisher = 	{Мир},
	year = 		 	{1975},
	pagetotal = 	{542},
	language =     	"russian"
}

@Book{OtchetPNI,
	title = 		{Отчет о ПНИ по теме: "Разработка программно-технических решений в области промышленного программного обеспечения для моделирования поведения элементов конструкций из современных материалов в экстремальных условиях при механических и немеханических воздействиях для решения задач проектирования авиакосмической техники" (№ гос. регистрации: 114112440083)},
	language =     	"russian"
}

@Book{Johnson1989,
	author =		{Джонсон, К.},
	title = 		{Механика контактного взаимодействия : пер. с англ.},
	address = 		{М.},
	publisher = 	{Мир},
	year = 		 	{1989},
	language =     	"russian"
}

@article{Song2014,
	author =		{Song, Z. and Komvopoulos, K.},
	title = 		{An elastic–plastic analysis of spherical indentation: Constitutive equations for single-indentation unloading and development of plasticity due to repeated indentation},
	journal =		{Mechanics of Materials}, 
	doi = {{http://dx.doi.org/10.1016/j.mechmat.2014.05.005}},
	year = 		 	{2014},
	language =     	"english"
}






@online{wiki:latex,
  author = {Wikipedia},
  title = {Типографика "--- Википедия},
  year = {2012},
  url = {https://ru.wikipedia.org/wiki/%D0%A2%D0%B8%D0%BF%D0%BE%D0%B3%D1%80%D0%B0%D1%84%D0%B8%D0%BA%D0%B0},
  urldate = {25.01.2012},
  language =     "russian"
}

